% Encoding: UTF-8

@Article{Koster1999,
  author   = {Koster R.W. and Buiting J.M.},
  title    = {Defibrilleren met een automatische externe defibrillator buiten het ziekenhuis: een levensreddende, maar voorbehouden handeling?},
  journal  = {NTvG, Nederlands Tijdschrift voor Geneeskunde},
  year     = {1999},
  month    = mar,
  abstract = {Defibrillation outside hospital using an automatic external defibrillator: a life-saving but restricted action? -

Application of the automatic external defibrillator can improve the chance of success during resuscitation of out-of-hospital cardiac arrest, because lay persons can defibrillate awaiting the arrival of the ambulance. Defibrillation is mentioned in the Dutch Individual Health Care Professionals Act as a precluded action. Defibrillation with an automatic external defibrillator should be excluded from the list of precluded actions, because application is almost 100 safe and because the subject is not within the scope of the law which is restricted to professional activities and non-emergency actions. Defibrillation with an automatic external defibrillator is acceptable.},
  url      = {https://www.ntvg.nl/artikelen/defibrilleren-met-een-automatische-externe-defibrillator-buiten-het-ziekenhuis-een/volledig},
}

@Article{Decroubele2019,
  author  = {Peter Decroubele},
  title   = {EHBO voor iedereen: app van Rode Kruis helpt omstaanders in crisissituaties.},
  journal = {VRT NWS},
  year    = {2019},
  month   = apr,
  url     = {https://www.vrt.be/vrtnws/nl/2019/04/02/ehbo-voor-iedereen-app-van-het-rode-kruis-helpt-omstanders-in-c/},
}

@Article{Gezondheid.be2018,
  author  = {Gezondheid.be},
  title   = {Hoe herkent u een hartstilstand?},
  journal = {Gezondheid.be},
  year    = {2018},
  url     = {https://www.gezondheid.be/index.cfm?fuseaction=art&art_id=26308},
}

@Article{Brandt2018,
  author  = {Mathias Brandt},
  title   = {Smart Assistants Are Getting Smarter},
  journal = {Statista},
  year    = {2018},
  month   = apr,
  url     = {https://www.statista.com/chart/9580/how-smart-are-smart-assistants/},
}

@Article{Fernandocomet2018,
  author  = {Fernandocomet},
  title   = {Voice User Interface Insights},
  journal = {Medium},
  year    = {2018},
  month   = aug,
  url     = {https://blog.prototypr.io/voice-user-interface-insights-686fe441e425},
}

@Article{Taalunie2017,
  author  = {Nederlandse Taalunie},
  title   = {Nederlands in nieuwe technologieÃ«n en toepassingen},
  journal = {Nederlandse Taalunie},
  year    = {2017},
  month   = jun,
  url     = {http://taalunieversum.org/inhoud/taal-en-spraaktechnologie},
}

@Article{Rouse2016,
  author  = {Margaret Rouse and Karolina Kiwak},
  title   = {Speech recognition},
  journal = {TechTarget},
  year    = {2016},
  month   = dec,
  url     = {https://searchcustomerexperience.techtarget.com/definition/speech-recognition},
}

@Comment{jabref-meta: databaseType:bibtex;}
