% Encoding: windows-1252

@Online{Passies2018,
  author = {Linda Passies},
  editor = {Linda Passies},
  title  = {De voice assistant: dit is je nieuwe beste vriend},
  year   = {2018},
  date   = {2018-07-27},
  url    = {https://www.frankwatching.com/archive/2018/07/27/de-voice-assistant-dit-is-je-nieuwe-beste-vriend/},
}

@Online{Haenen2018,
  author = {Thomas Haenen},
  editor = {Thomas Haenen},
  title  = {Officieel: Google Home vanaf 24 oktober in Nederland te koop},
  year   = {2018},
  date   = {2018-10-09},
  url    = {https://www.androidplanet.nl/nieuws/google-home-release-nederland-3/},
}

@Online{Schueler2018,
  author = {Schueler, Robert and van der Wel, Pauline},
  editor = {Schueler, Robert and van der Wel, Pauline},
  title  = {The future of voice assistants in the Netherlands},
  year   = {2018},
  date   = {2018-06-01},
  url    = {https://www.ipsos.com/sites/default/files/ct/news/documents/2018-06/the_future_of_voice_assistants_in_the_netherlands_v0.3_mg_0.pdf},
}

@Article{Wentzel2016,
  author  = {Wentzel, Jobke and van der Vaart, Rosalie and T Bohlmeijer, Ernst and van Gemert-Pijnen, Jul},
  title   = {Mixing Online and Face-to-Face Therapy: How to Benefit From Blended Care in Mental Health Care},
  journal = {JMIR Mental Health},
  year    = {2016},
  date    = {2016-02-09},
  url     = {https://www.ncbi.nlm.nih.gov/pmc/articles/PMC4764785/},
}

@Report{Stil2016,
  author      = {Stil, Boris and Bellengï¿½, Nino and Snoeren, Rob},
  title       = {De werkzame principes van Blended Care in het sociaal domein},
  type        = {resreport},
  institution = {VitaValley},
  year        = {2016},
  date        = {2016-03-01},
  url         = {https://www.kwadraad.nl/wp-content/uploads/2016/04/25-03-2016-SROIBlendedCareVerslag.pdf
},
}

@Online{Grypdonck2015,
  author = {Grypdonck, Mieke},
  editor = {Grypdonck, Mieke},
  title  = {Zora de zorgrobot, een aanwinst?},
  year   = {2015},
  date   = {2015-01-29},
  url    = {http://keepupthespirit.be/zora-de-zorgrobot-een-aanwinst/},
}

@Online{Jongejan2016,
  author = {Jongejan, W.J.},
  editor = {Jongejan, W.J.},
  title  = {Zora: 15000 euro voor een kwetsbare buiksprekende "zorg"-robot},
  year   = {2016},
  date   = {2016-06-15},
  url    = {https://www.zorgictzorgen.nl/zora-15000-euro-voor-een-kwetsbare-buiksprekende-zorg-robot/},
}

@Online{Vives,
  author = {Vives},
  editor = {Vives},
  title  = {Zorglab: Interprofessioneel Centrum Zorgtechnologie},
  url    = {https://www.vives.be/nl/labs/zorglab},
}

@Online{Datanews2012,
  editor = {Datanews},
  title  = {Krijtlijnen voor Vlaamse eHealth uitgezet},
  year   = {2012},
  date   = {2012-02-22},
  url    = {https://datanews.knack.be/ict/nieuws/krijtlijnen-voor-vlaamse-ehealth-uitgezet/article-normal-283363.html},
}

@Comment{jabref-meta: databaseType:biblatex;}
