% Encoding: UTF-8
@book{Knuth1998,
 author = {Knuth, Donald E.},
 title = {The art of computer programming,  volume 3: (2nd ed.) sorting and searching},
 year = {1998},
 publisher = {Addison Wesley Longman Publishing Co., Inc.},
 address = {Redwood City, CA, USA}
}

@book{Pollefliet2011,
  author = {Pollefliet, Leen},
  title = {Schrijven van verslag tot eindwerk: do's en don'ts},
  year = {2011},
  publisher = {Academia Press},
  address = {Gent}
}

@article{Creeger2009,
  author = {Creeger, Mache},
  journal = {Communications of the ACM},
  number = {8},
  pages = {50--56},
  title = {{CTO Roundtable: Cloud Computing}},
  volume = {52},
  year = {2009}
}

@Misc{Passies2018,
  author = {Linda Passies},
  title  = {De voice assistant: dit is je nieuwe beste vriend},
  month  = jul,
  year   = {2018},
  note   = {Accessed 4-December-2018},
  url    = {https://www.frankwatching.com/archive/2018/07/27/de-voice-assistant-dit-is-je-nieuwe-beste-vriend/},
}

@Comment{jabref-meta: databaseType:bibtex;}
